%% Elika Bergelson added 3 refs for R&R

@article{martin2016utterances,
  title={Utterances in infant-directed speech are shorter, not slower},
  author={Martin, Andrew and Igarashi, Yosuke and Jincho, Nobuyuki and Mazuka, Reiko},
  journal={Cognition},
  volume={156},
  pages={52--59},
  year={2016},
  publisher={Elsevier}
}

@article{ma2011word,
  title={Word learning in infant-and adult-directed speech},
  author={Ma, Weiyi and Golinkoff, Roberta Michnick and Houston, Derek M and Hirsh-Pasek, Kathy},
  journal={Language Learning and Development},
  volume={7},
  number={3},
  pages={185--201},
  year={2011},
  publisher={Taylor \& Francis}
}

@article{oakes2017sample,
  title={Sample size, statistical power, and false conclusions in infant looking-time research},
  author={Oakes, Lisa M},
  journal={Infancy},
  volume={22},
  number={4},
  pages={436--469},
  year={2017},
  publisher={Wiley Online Library}
}


%% This BibTeX bibliography file was created using BibDesk.
%% http://bibdesk.sourceforge.net/


%% Created for Michael Frank at 2019-03-07 16:48:25 -0800 


%% Saved with string encoding Unicode (UTF-8) 



@article{soderstrom2019,
	Author = {Soderstrom, Melanie and Werker, J.F. and Tsui, A. and Skarabela, B. and Seidl, A. and Searle, A. and Anderson, L.},
	Date-Added = {2019-02-20 11:37:29 -0800},
	Date-Modified = {2019-03-04 09:50:12 -0800},
	Journal = {Journal of Child Language},
	Title = {Testing the Relationship Between Preferences for Infant-Directed Speech and Vocabulary Development: A Multi-Lab Study},
	Year = {accepted pending data collection}}

@article{segal2015infant,
	Author = {Segal, Judith and Newman, Rochelle S},
	Date-Added = {2019-02-06 14:14:13 -0800},
	Date-Modified = {2019-02-06 14:14:13 -0800},
	Journal = {Infancy},
	Number = {3},
	Pages = {339--351},
	Publisher = {Wiley Online Library},
	Title = {Infant preferences for structural and prosodic properties of infant-directed speech in the second year of life},
	Volume = {20},
	Year = {2015}}

@article{byers-heinlein2019,
	Author = {Byers-Heinlein, Krista and Bergmann, C. and Black, A. and Carbajal, J. M. and Fennell, C. T. and Frank, Michael C and Gervain, J. and Gonzalez-Gomez, N. and Hamlin, J. K. and Kline, M. and Kovacs, A. M. and Lew-Williams, C. and Liu, L. and Polka, L. and Singh, L. and Soderstrom, Melanie and Tsui, A. S. M.},
	Date-Added = {2019-01-28 09:52:53 -0800},
	Date-Modified = {2019-03-04 10:42:13 -0800},
	Journal = {Advances in Methods and Practices in Psychological Science},
	Title = {A multi-lab study of bilingual infants: Exploring the preference for infant-directed speech.},
	Year = {accepted pending data collection}}

@article{gervain2010,
	Author = {Gervain, Judit and Mehler, Jacques},
	Date-Added = {2019-01-28 09:45:11 -0800},
	Date-Modified = {2019-01-28 09:45:13 -0800},
	Journal = {Annual review of psychology},
	Pages = {191--218},
	Publisher = {Annual Reviews},
	Title = {Speech perception and language acquisition in the first year of life},
	Volume = {61},
	Year = {2010}}

@article{johnson2016,
	Author = {Johnson, Elizabeth K},
	Date-Added = {2019-01-28 09:44:38 -0800},
	Date-Modified = {2019-01-28 09:44:42 -0800},
	Journal = {Annual Review of Linguistics},
	Pages = {391--412},
	Publisher = {Annual Reviews},
	Title = {Constructing a proto-lexicon: An integrative view of infant language development},
	Volume = {2},
	Year = {2016}}

@electronic{databrary,
	Author = {Databrary},
	Date-Added = {2018-12-20 11:33:48 -0800},
	Date-Modified = {2018-12-20 11:34:39 -0800},
	Title = {The Databrary Project: A video data library for developmental science},
	Url = {http://databrary.org},
	Urldate = {2012},
	Bdsk-Url-1 = {http://databrary.org}}

@article{gilmore2017,
	Author = {Gilmore, Rick O and Adolph, Karen E},
	Date-Added = {2018-12-20 11:33:03 -0800},
	Date-Modified = {2018-12-20 11:33:04 -0800},
	Journal = {Nature Human Behavior},
	Number = {7},
	Pages = {0128},
	Title = {Video can make behavioural science more reproducible},
	Volume = {1},
	Year = {2017}}

@article{huedo2016assessing,
	Author = {Huedo-Medina, T and Sanchez-Meca, J and Marin-Martinez, F and Botella, J},
	Date-Added = {2018-11-01 13:01:04 -0700},
	Date-Modified = {2019-03-07 16:44:57 -0800},
	Journal = {Psychological Methods},
	Number = {2},
	Pages = {193-206},
	Title = {Assessing heterogeneity in meta-analysis: Q statistic or I2 index? CHIP Documents. 2006; Paper 19},
	Volume = {11},
	Year = {2006}}

@article{higgins2003measuring,
	Author = {Higgins, Julian PT and Thompson, Simon G and Deeks, Jonathan J and Altman, Douglas G},
	Date-Added = {2018-11-01 12:57:29 -0700},
	Date-Modified = {2018-11-01 12:57:29 -0700},
	Journal = {BMJ: British Medical Journal},
	Number = {7414},
	Pages = {557},
	Publisher = {BMJ Publishing Group},
	Title = {Measuring inconsistency in meta-analyses},
	Volume = {327},
	Year = {2003}}

@article{the-manybabies-consortium2018,
	Author = {{The ManyBabies Consortium}},
	Date-Added = {2018-11-01 11:26:29 -0700},
	Date-Modified = {2018-11-01 11:27:12 -0700},
	Journal = {Advances in Methods and Practices in Psychological Science},
	Title = {A multi-lab study of bilingual infants: Exploring the preference for infant-directed speech},
	Year = {Registered report with in principle acceptance}}

@article{bergmann2018promoting,
	Author = {Bergmann, Christina and Tsuji, Sho and Piccinini, Page E and Lewis, Molly L and Braginsky, Mika and Frank, Michael C and Cristia, Alejandrina},
	Date-Added = {2018-11-01 11:24:33 -0700},
	Date-Modified = {2019-03-07 16:41:20 -0800},
	Doi = {10.1111/cdev.13079},
	Journal = {Child development},
	Number = {6},
	Pages = {1996-2009},
	Publisher = {Wiley Online Library},
	Title = {Promoting Replicability in Developmental Research Through Meta-analyses: Insights From Language Acquisition Research},
	Volume = {89},
	Year = {2018}}

@manual{R-base,
	Address = {Vienna, Austria},
	Author = {{R Core Team}},
	Organization = {R Foundation for Statistical Computing},
	Title = {R: A Language and Environment for Statistical Computing},
	Url = {https://www.R-project.org/},
	Year = {2018},
	Bdsk-Url-1 = {https://www.R-project.org/}}

@manual{R-papaja,
	Author = {Frederik Aust and Marius Barth},
	Note = {R package version 0.1.0.9709},
	Title = {{papaja}: {Create} {APA} manuscripts with {R Markdown}},
	Url = {https://github.com/crsh/papaja},
	Year = {2018},
	Bdsk-Url-1 = {https://github.com/crsh/papaja}}

@manual{R-bindrcpp,
	Author = {Kirill M{\"u}ller},
	Note = {R package version 0.2.2},
	Title = {bindrcpp: An 'Rcpp' Interface to Active Bindings},
	Url = {https://CRAN.R-project.org/package=bindrcpp},
	Year = {2018},
	Bdsk-Url-1 = {https://CRAN.R-project.org/package=bindrcpp}}

@manual{R-dplyr,
	Author = {Hadley Wickham and Romain Fran{\c c}ois and Lionel Henry and Kirill M{\"u}ller},
	Note = {R package version 0.7.5},
	Title = {dplyr: A Grammar of Data Manipulation},
	Url = {https://CRAN.R-project.org/package=dplyr},
	Year = {2018},
	Bdsk-Url-1 = {https://CRAN.R-project.org/package=dplyr}}

@manual{R-forcats,
	Author = {Hadley Wickham},
	Note = {R package version 0.3.0},
	Title = {forcats: Tools for Working with Categorical Variables (Factors)},
	Url = {https://CRAN.R-project.org/package=forcats},
	Year = {2018},
	Bdsk-Url-1 = {https://CRAN.R-project.org/package=forcats}}

@book{R-ggplot2,
	Author = {Hadley Wickham},
	Isbn = {978-3-319-24277-4},
	Publisher = {Springer-Verlag New York},
	Title = {ggplot2: Elegant Graphics for Data Analysis},
	Url = {http://ggplot2.org},
	Year = {2016},
	Bdsk-Url-1 = {http://ggplot2.org}}

@manual{R-ggthemes,
	Author = {Jeffrey B. Arnold},
	Note = {R package version 3.5.0},
	Title = {ggthemes: Extra Themes, Scales and Geoms for 'ggplot2'},
	Url = {https://CRAN.R-project.org/package=ggthemes},
	Year = {2018},
	Bdsk-Url-1 = {https://CRAN.R-project.org/package=ggthemes}}

@manual{R-here,
	Author = {Kirill M{\"u}ller},
	Note = {R package version 0.1},
	Title = {here: A Simpler Way to Find Your Files},
	Url = {https://CRAN.R-project.org/package=here},
	Year = {2017},
	Bdsk-Url-1 = {https://CRAN.R-project.org/package=here}}

@book{R-knitr,
	Address = {Boca Raton, Florida},
	Author = {Yihui Xie},
	Edition = {2nd},
	Note = {ISBN 978-1498716963},
	Publisher = {Chapman and Hall/CRC},
	Title = {Dynamic Documents with {R} and knitr},
	Url = {https://yihui.name/knitr/},
	Year = {2015},
	Bdsk-Url-1 = {https://yihui.name/knitr/}}

@article{R-lme4,
	Author = {Douglas Bates and Martin M{\"a}chler and Ben Bolker and Steve Walker},
	Doi = {10.18637/jss.v067.i01},
	Journal = {Journal of Statistical Software},
	Number = {1},
	Pages = {1--48},
	Title = {Fitting Linear Mixed-Effects Models Using {lme4}},
	Volume = {67},
	Year = {2015},
	Bdsk-Url-1 = {https://doi.org/10.18637/jss.v067.i01}}

@manual{R-Matrix,
	Author = {Douglas Bates and Martin Maechler},
	Note = {R package version 1.2-14},
	Title = {Matrix: Sparse and Dense Matrix Classes and Methods},
	Url = {https://CRAN.R-project.org/package=Matrix},
	Year = {2018},
	Bdsk-Url-1 = {https://CRAN.R-project.org/package=Matrix}}

@manual{R-purrr,
	Author = {Lionel Henry and Hadley Wickham},
	Note = {R package version 0.2.5},
	Title = {purrr: Functional Programming Tools},
	Url = {https://CRAN.R-project.org/package=purrr},
	Year = {2018},
	Bdsk-Url-1 = {https://CRAN.R-project.org/package=purrr}}

@manual{R-readr,
	Author = {Hadley Wickham and Jim Hester and Romain Francois},
	Note = {R package version 1.1.1},
	Title = {readr: Read Rectangular Text Data},
	Url = {https://CRAN.R-project.org/package=readr},
	Year = {2017},
	Bdsk-Url-1 = {https://CRAN.R-project.org/package=readr}}

@manual{R-stringr,
	Author = {Hadley Wickham},
	Note = {R package version 1.3.1},
	Title = {stringr: Simple, Consistent Wrappers for Common String Operations},
	Url = {https://CRAN.R-project.org/package=stringr},
	Year = {2018},
	Bdsk-Url-1 = {https://CRAN.R-project.org/package=stringr}}

@manual{R-tibble,
	Author = {Kirill M{\"u}ller and Hadley Wickham},
	Note = {R package version 1.4.2},
	Title = {tibble: Simple Data Frames},
	Url = {https://CRAN.R-project.org/package=tibble},
	Year = {2018},
	Bdsk-Url-1 = {https://CRAN.R-project.org/package=tibble}}

@manual{R-tidyr,
	Author = {Hadley Wickham and Lionel Henry},
	Note = {R package version 0.8.1},
	Title = {tidyr: Easily Tidy Data with 'spread()' and 'gather()' Functions},
	Url = {https://CRAN.R-project.org/package=tidyr},
	Year = {2018},
	Bdsk-Url-1 = {https://CRAN.R-project.org/package=tidyr}}

@manual{R-tidyverse,
	Author = {Hadley Wickham},
	Note = {R package version 1.2.1},
	Title = {tidyverse: Easily Install and Load the 'Tidyverse'},
	Url = {https://CRAN.R-project.org/package=tidyverse},
	Year = {2017},
	Bdsk-Url-1 = {https://CRAN.R-project.org/package=tidyverse}}

@article{barr2013random,
	Author = {Barr, Dale J and Levy, Roger and Scheepers, Christoph and Tily, Harry J},
	Doi = {10.1016/j.jml.2012.11.001},
	Journal = {Journal of Memory and Language},
	Number = {3},
	Pages = {255--278},
	Publisher = {Elsevier},
	Title = {Random effects structure for confirmatory hypothesis testing: Keep it maximal},
	Volume = {68},
	Year = {2013},
	Bdsk-Url-1 = {https://doi.org/10.1016/j.jml.2012.11.001}}

@article{bates2014fitting,
	Author = {Bates, Douglas and M{\"a}chler, Martin and Bolker, Ben and Walker, Steve},
	Doi = {10.18637/jss.v067.i01},
	Journal = {Journal of Statistical Software},
	Number = {1},
	Pages = {1--48},
	Title = {Fitting linear mixed-effects models using lme4},
	Volume = {67},
	Year = {2015},
	Bdsk-Url-1 = {https://doi.org/10.18637/jss.v067.i01}}

@article{button2013power,
	Author = {Button, Katherine S and Ioannidis, John PA and Mokrysz, Claire and Nosek, Brian A and Flint, Jonathan and Robinson, Emma SJ and Munaf{\`o}, Marcus R},
	Doi = {10.1038/nrn3475},
	Journal = {Nature Reviews Neuroscience},
	Number = {5},
	Pages = {365},
	Publisher = {Nature Publishing Group},
	Title = {Power failure: why small sample size undermines the reliability of neuroscience},
	Volume = {14},
	Year = {2013},
	Bdsk-Url-1 = {https://doi.org/10.1038/nrn3475}}

@inbook{byers2015methods,
	Address = {Cambridge, UK},
	Author = {Byers-Heinlein, Krista},
	Booktitle = {{The Cambridge Handbook of Bilingual Processing}},
	Date-Modified = {2019-03-07 16:41:49 -0800},
	Editor = {Schwieter, JW},
	Pages = {133---154},
	Publisher = {{Cambridge University Press}},
	Title = {Methods for studying infant bilingualism},
	Year = {2015}}

@article{cooper1990preference,
	Author = {Cooper, Robin Panneton and Aslin, Richard N},
	Doi = {10.1111/j.1467-8624.1990.tb02885.x},
	Journal = {Child Development},
	Number = {5},
	Pages = {1584--1595},
	Publisher = {Wiley Online Library},
	Title = {Preference for infant-directed speech in the first month after birth},
	Volume = {61},
	Year = {1990},
	Bdsk-Url-1 = {https://doi.org/10.1111/j.1467-8624.1990.tb02885.x}}

@article{cooper1994developmental,
	Author = {Cooper, Robin Panneton and Aslin, Richard N},
	Doi = {10.1111/j.1467-8624.1994.tb00841.x},
	Journal = {Child Development},
	Number = {6},
	Pages = {1663--1677},
	Publisher = {Wiley Online Library},
	Title = {Developmental differences in infant attention to the spectral properties of infant-directed speech},
	Volume = {65},
	Year = {1994},
	Bdsk-Url-1 = {https://doi.org/10.1111/j.1467-8624.1994.tb00841.x}}

@article{cooper1997development,
	Author = {Cooper, Robin Panneton and Abraham, Jane and Berman, Sheryl and Staska, Margaret},
	Doi = {10.1016/S0163-6383(97)90037-0},
	Journal = {Infant Behavior and Development},
	Number = {4},
	Pages = {477--488},
	Publisher = {Elsevier},
	Title = {The development of infants' preference for motherese},
	Volume = {20},
	Year = {1997},
	Bdsk-Url-1 = {https://doi.org/10.1016/S0163-6383(97)90037-0}}

@article{csibra2016statistical,
	Author = {Csibra, Gergely and Hernik, Miko{\l}aj and Mascaro, Olivier and Tatone, Denis and Lengyel, M{\'a}t{\'e}},
	Doi = {10.1037/dev0000083},
	Journal = {Developmental psychology},
	Number = {4},
	Pages = {521--536},
	Publisher = {American Psychological Association},
	Title = {Statistical treatment of looking-time data},
	Volume = {52},
	Year = {2016},
	Bdsk-Url-1 = {https://doi.org/10.1037/dev0000083}}

@article{csibra2009natural,
	Author = {Gergely Csibra and Gy{\"o}rgy Gergely},
	Doi = {10.1016/j.tics.2009.01.005},
	Issn = {1364-6613},
	Journal = {Trends in Cognitive Sciences},
	Number = {4},
	Pages = {148--153},
	Publisher = {Elsevier},
	Title = {Natural pedagogy},
	Volume = {13},
	Year = {2009},
	Bdsk-Url-1 = {https://doi.org/10.1016/j.tics.2009.01.005}}

@article{cusack2003perceptual,
	Author = {Cusack, Rhodri and Carlyon, Robert P},
	Doi = {10.1037/0096-1523.29.3.713},
	Journal = {Journal of Experimental Psychology: Human Perception and Performance},
	Number = {3},
	Pages = {713},
	Publisher = {American Psychological Association},
	Title = {Perceptual asymetries in audition},
	Volume = {29},
	Year = {2003},
	Bdsk-Url-1 = {https://doi.org/10.1037/0096-1523.29.3.713}}

@article{dunst2012preference,
	Author = {Dunst, Carl and Gorman, Ellen and Hamby, Deborah},
	Journal = {Center for Early Literacy Learning},
	Number = {1},
	Pages = {1--13},
	Title = {Preference for infant-directed speech in preverbal young children},
	Url = {http://www.earlyliteracylearning.org/cellreviews/cellreviews_v5_n1.pdf},
	Volume = {5},
	Year = {2012},
	Bdsk-Url-1 = {http://www.earlyliteracylearning.org/cellreviews/cellreviews_v5_n1.pdf}}

@article{englund2006changes,
	Author = {Englund, Kjellrun and Behne, Dawn},
	Doi = {10.1002/icd.445},
	Journal = {Infant and Child Development: An International Journal of Research and Practice},
	Number = {2},
	Pages = {139--160},
	Publisher = {Wiley Online Library},
	Title = {Changes in infant directed speech in the first six months},
	Volume = {15},
	Year = {2006},
	Bdsk-Url-1 = {https://doi.org/10.1002/icd.445}}

@article{farran2016cross,
	Author = {Farran, Lama K and Lee, Chia-Cheng and Yoo, Hyunjoo and Oller, D Kimbrough},
	Doi = {10.1371/journal.pone.0151518},
	Journal = {PloS one},
	Number = {3},
	Pages = {e0151518},
	Publisher = {Public Library of Science},
	Title = {Cross-cultural register differences in infant-directed speech: An initial study},
	Volume = {11},
	Year = {2016},
	Bdsk-Url-1 = {https://doi.org/10.1371/journal.pone.0151518}}

@article{fernald1985four,
	Author = {Fernald, Anne},
	Doi = {10.1016/S0163-6383(85)80005-9},
	Journal = {Infant Behavior and Development},
	Number = {2},
	Pages = {181--195},
	Publisher = {JAI},
	Title = {Four-month-old infants prefer to listen to motherese},
	Volume = {8},
	Year = {1985},
	Bdsk-Url-1 = {https://doi.org/10.1016/S0163-6383(85)80005-9}}

@article{fernald1989intonation,
	Author = {Fernald, Anne},
	Date-Modified = {2019-03-07 16:42:29 -0800},
	Doi = {10.2307/1130938},
	Journal = {Child development},
	Number = {6},
	Pages = {1497--1510},
	Publisher = {JSTOR},
	Title = {Intonation and communicative intent in mothers' speech to infants: Is the melody the message?},
	Volume = {60},
	Year = {1989},
	Bdsk-Url-1 = {https://doi.org/10.2307/1130938}}

@inbook{fernald1996prosodic,
	Address = {Mahwah, NJ},
	Author = {Fernald, Anne and McRoberts, Gerald W},
	Booktitle = {Signal to syntax: Bootstrapping from speech to grammar in early acquisition},
	Date-Modified = {2018-12-20 12:00:54 -0800},
	Editor = {Morgan, James L and Demuth, Katherine},
	Pages = {365--388},
	Publisher = {Lawrence Erlbaum Associates},
	Title = {Prosodic bootstrapping: A critical analysis of the argument and the evidence},
	Year = {1996}}

@article{fernald1989cross,
	Author = {Fernald, Anne and Taeschner, Traute and Dunn, Judy and Papousek, Mechthild and de Boysson-Bardies, B{\'e}n{\'e}dicte and Fukui, Ikuko},
	Journal = {Journal of child language},
	Number = {3},
	Pages = {477--501},
	Publisher = {Cambridge University Press},
	Title = {A cross-language study of prosodic modifications in mothers' and fathers' speech to preverbal infants},
	Volume = {16},
	Year = {1989}}

@article{frank2017collaborative,
	Author = {Frank, Michael C and Bergelson, Elika and Bergmann, Christina and Cristia, Alejandrina and Floccia, Caroline and Gervain, Judit and Hamlin, J Kiley and Hannon, Erin E and Kline, Melissa and Levelt, Claartje and Lew‐Williams, Casey and Nazzi, Thierry and Panneton, Robin and Rabagliati, Hugh and Soderstrom, Melanie and Sullivan, Jessica and Waxman, Sandra and Yurovsky, Daniel},
	Date-Modified = {2019-03-07 16:44:10 -0800},
	Doi = {10.1111/infa.12182},
	Journal = {Infancy},
	Number = {4},
	Pages = {421--435},
	Publisher = {Wiley Online Library},
	Title = {A collaborative approach to infant research: Promoting reproducibility, best practices, and theory-building},
	Volume = {22},
	Year = {2017},
	Bdsk-Url-1 = {https://doi.org/10.1111/infa.12182}}

@article{graf2013infant,
	Author = {Graf Estes, Katharine and Hurley, Karinna},
	Doi = {10.1111/infa.12006},
	Journal = {Infancy},
	Number = {5},
	Pages = {797--824},
	Publisher = {Wiley Online Library},
	Title = {Infant-directed prosody helps infants map sounds to meanings},
	Volume = {18},
	Year = {2013},
	Bdsk-Url-1 = {https://doi.org/10.1111/infa.12006}}

@article{grieser1988maternal,
	Author = {Grieser, DiAnne L and Kuhl, Patricia K},
	Doi = {10.1037/0012-1649.24.1.14},
	Journal = {Developmental Psychology},
	Number = {1},
	Pages = {14--20},
	Publisher = {American Psychological Association},
	Title = {Maternal speech to infants in a tonal language: Support for universal prosodic features in motherese},
	Volume = {24},
	Year = {1988},
	Bdsk-Url-1 = {https://doi.org/10.1037/0012-1649.24.1.14}}

@article{hayashi2001developmental,
	Author = {Hayashi, Akiko and Tamekawa, Yuji and Kiritani, Shigeru},
	Doi = {10.1044/1092-4388(2001/092)},
	Journal = {Journal of Speech, Language, and Hearing Research},
	Number = {6},
	Pages = {1189--1200},
	Publisher = {ASHA},
	Title = {Developmental change in auditory preferences for speech stimuli in Japanese infants},
	Volume = {44},
	Year = {2001},
	Bdsk-Url-1 = {https://doi.org/10.1044/1092-4388(2001/092)}}

@article{hirsh1987clauses,
	Author = {Hirsh-Pasek, Kathy and Nelson, Deborah G Kemler and Jusczyk, Peter W and Cassidy, Kimberly Wright and Druss, Benjamin and Kennedy, Lori},
	Doi = {10.1016/S0010-0277(87)80002-1},
	Journal = {Cognition},
	Number = {3},
	Pages = {269--286},
	Publisher = {Elsevier},
	Title = {Clauses are perceptual units for young infants},
	Volume = {26},
	Year = {1987},
	Bdsk-Url-1 = {https://doi.org/10.1016/S0010-0277(87)80002-1}}

@article{judd2017experiments,
	Author = {Judd, Charles M and Westfall, Jacob and Kenny, David A},
	Doi = {10.1146/annurev-psych-122414-033702},
	Journal = {Annual Review of Psychology},
	Pages = {601--625},
	Publisher = {Annual Reviews},
	Title = {Experiments with more than one random factor: Designs, analytic models, and statistical power},
	Volume = {68},
	Year = {2017},
	Bdsk-Url-1 = {https://doi.org/10.1146/annurev-psych-122414-033702}}

@article{kaplan1996infant,
	Author = {Kaplan, Peter S and Jung, Paula C and Ryther, Jennifer S and Zarlengo-Strouse, Patricia},
	Date-Modified = {2019-03-07 16:46:08 -0800},
	Doi = {10.1037/0012-1649.32.5.880},
	Journal = {Developmental Psychology},
	Number = {5},
	Pages = {880-891},
	Publisher = {American Psychological Association},
	Title = {Infant-directed versus adult-directed speech as signals for faces},
	Volume = {32},
	Year = {1996},
	Bdsk-Url-1 = {https://doi.org/10.1037/0012-1649.32.5.880}}

@article{karzon1985discrimination,
	Author = {Karzon, R Gottlieb},
	Doi = {10.1016/0022-0965(85)90044-X},
	Journal = {Journal of Experimental Child Psychology},
	Number = {2},
	Pages = {326--342},
	Publisher = {Elsevier},
	Title = {Discrimination of polysyllabic sequences by one-to four-month-old infants},
	Volume = {39},
	Year = {1985},
	Bdsk-Url-1 = {https://doi.org/10.1016/0022-0965(85)90044-X}}

@article{katz1996combination,
	Author = {Katz, Gary S and Cohn, Jeffrey F and Moore, Christopher A},
	Doi = {10.1111/j.1467-8624.1996.tb01729.x},
	Journal = {Child Development},
	Number = {1},
	Pages = {205--217},
	Publisher = {Wiley Online Library},
	Title = {A combination of vocal f0 dynamic and summary features discriminates between three pragmatic categories of infant-directed speech},
	Volume = {67},
	Year = {1996},
	Bdsk-Url-1 = {https://doi.org/10.1111/j.1467-8624.1996.tb01729.x}}

@article{kawahara2011technical,
	Author = {Kawahara, Hideki and Morise, Masanori},
	Doi = {10.1007/s12046-011-0043-3},
	Journal = {Sadhana},
	Number = {5},
	Pages = {713--727},
	Publisher = {Springer},
	Title = {Technical foundations of TANDEM-STRAIGHT, a speech analysis, modification and synthesis framework},
	Volume = {36},
	Year = {2011},
	Bdsk-Url-1 = {https://doi.org/10.1007/s12046-011-0043-3}}

@article{nelson1995head,
	Author = {Nelson, Deborah G Kemler and Jusczyk, Peter W and Mandel, Denise R and Myers, James and Turk, Alice and Gerken, Louann},
	Doi = {10.1016/0163-6383(95)90012-8},
	Journal = {Infant behavior and development},
	Number = {1},
	Pages = {111--116},
	Publisher = {Elsevier},
	Title = {The head-turn preference procedure for testing auditory perception},
	Volume = {18},
	Year = {1995},
	Bdsk-Url-1 = {https://doi.org/10.1016/0163-6383(95)90012-8}}

@article{kitamura2003pitch,
	Author = {Kitamura, Christine and Burnham, Denis},
	Doi = {10.1207/S15327078IN0401_5},
	Journal = {Infancy},
	Number = {1},
	Pages = {85--110},
	Publisher = {Taylor \& Francis},
	Title = {Pitch and communicative intent in mother's speech: Adjustments for age and sex in the first year},
	Volume = {4},
	Year = {2003},
	Bdsk-Url-1 = {https://doi.org/10.1207/S15327078IN0401_5}}

@article{kitamura2009age,
	Author = {Kitamura, Christine and Lam, Christa},
	Doi = {10.1080/15250000802569777},
	Journal = {Infancy},
	Number = {1},
	Pages = {77--100},
	Publisher = {Taylor \& Francis},
	Title = {Age-specific preferences for infant-directed affective intent},
	Volume = {14},
	Year = {2009},
	Bdsk-Url-1 = {https://doi.org/10.1080/15250000802569777}}

@article{klein2014,
	Author = {Klein, Richard A and Ratliff, Kate A and Vianello, Michelangelo and Adams Jr, Reginald B and Bahn{\'\i}k, {\v{S}}t{\v{e}}p{\'a}n and Bernstein, Michael J and Bocian, Konrad and Brandt, Mark J and Brooks, Beach and Brumbaugh, Claudia Chloe and ... and Nosek, Brian A},
	Date-Modified = {2019-03-07 16:47:05 -0800},
	Doi = {10.1027/1864-9335/a000178},
	Journal = {Social psychology},
	Pages = {142-152},
	Publisher = {Hogrefe Publishing},
	Title = {Investigating variation in replicability},
	Volume = {45},
	Year = {2014},
	Bdsk-Url-1 = {https://doi.org/10.1027/1864-9335/a000178}}

@article{kuznetsova2017lmertest,
	Author = {Kuznetsova, Alexandra and Brockhoff, Per B and Christensen, Rune Haubo Bojesen},
	Journal = {Journal of Statistical Software},
	Number = {13},
	Publisher = {The Foundation for Open Access Statistics},
	Title = {lmerTest package: tests in linear mixed effects models},
	Volume = {82},
	Year = {2017}}

@article{lewis2016quantitative,
	Author = {Lewis, Molly and Braginsky, Mika and Tsuji, Sho and Bergmann, Christina and Piccinini, Page and Cristia, Alejandrina and Frank, Michael C},
	Doi = {10.31234/osf.io/htsjm},
	Publisher = {PsyArXiv},
	Title = {A quantitative synthesis of early language acquisition using meta-analysis},
	Year = {2016},
	Bdsk-Url-1 = {https://doi.org/10.31234/osf.io/htsjm}}

@article{makel2012replications,
	Author = {Makel, Matthew C and Plucker, Jonathan A and Hegarty, Boyd},
	Doi = {10.1177/1745691612460688},
	Journal = {Perspectives on Psychological Science},
	Number = {6},
	Pages = {537--542},
	Publisher = {Sage Publications Sage CA: Los Angeles, CA},
	Title = {Replications in psychology research: How often do they really occur?},
	Volume = {7},
	Year = {2012},
	Bdsk-Url-1 = {https://doi.org/10.1177/1745691612460688}}

@article{maurer2014perceptual,
	Author = {Maurer, Daphne and Werker, Janet F.},
	Doi = {10.1002/dev.21177},
	Eprint = {https://onlinelibrary.wiley.com/doi/pdf/10.1002/dev.21177},
	Journal = {Developmental Psychobiology},
	Keywords = {infant, language, early experience, auditory, vision},
	Number = {2},
	Pages = {154-178},
	Title = {Perceptual narrowing during infancy: A comparison of language and faces},
	Url = {https://onlinelibrary.wiley.com/doi/abs/10.1002/dev.21177},
	Volume = {56},
	Year = {2014},
	Bdsk-Url-1 = {https://onlinelibrary.wiley.com/doi/abs/10.1002/dev.21177},
	Bdsk-Url-2 = {https://doi.org/10.1002/dev.21177}}

@article{mcroberts2009role,
	Author = {McRoberts, Gerald W and McDonough, Colleen and Lakusta, Laura},
	Doi = {10.1080/15250000802707062},
	Journal = {Infancy},
	Number = {2},
	Pages = {162--194},
	Publisher = {Taylor \& Francis},
	Title = {The role of verbal repetition in the development of infant speech preferences from 4 to 14 months of age},
	Volume = {14},
	Year = {2009},
	Bdsk-Url-1 = {https://doi.org/10.1080/15250000802707062}}

@article{mills2015missed,
	Author = {Mills-Smith, Laura and Spangler, Derek P and Panneton, Robin and Fritz, Matthew S},
	Doi = {10.1111/infa.12078},
	Journal = {Infancy},
	Number = {4},
	Pages = {416--432},
	Publisher = {Wiley Online Library},
	Title = {A missed opportunity for clarity: Problems in the reporting of effect size estimates in infant developmental science},
	Volume = {20},
	Year = {2015},
	Bdsk-Url-1 = {https://doi.org/10.1111/infa.12078}}

@article{newman2003prosodic,
	Author = {Newman, Rochelle S},
	Doi = {doi:10.1017/S0142716403000274},
	Journal = {Applied Psycholinguistics},
	Number = {4},
	Pages = {539--560},
	Publisher = {Cambridge University Press},
	Title = {Prosodic differences in mothers' speech to toddlers in quiet and noisy environments},
	Volume = {24},
	Year = {2003},
	Bdsk-Url-1 = {https://doi.org/10.1017/S0142716403000274}}

@article{newman2006changes,
	Author = {Newman, Rochelle S and Hussain, Isma},
	Doi = {doi:10.1207/s15327078in1001_4},
	Journal = {Infancy},
	Number = {1},
	Pages = {61--76},
	Publisher = {Wiley Online Library},
	Title = {Changes in preference for infant-directed speech in low and moderate noise by 4.5-to 13-month-olds},
	Volume = {10},
	Year = {2006},
	Bdsk-Url-1 = {https://doi.org/10.1207/s15327078in1001_4}}

@article{nieuwenhuis2011erroneous,
	Author = {Nieuwenhuis, Sander and Forstmann, Birte U and Wagenmakers, Eric-Jan},
	Date-Modified = {2019-03-07 16:47:26 -0800},
	Doi = {10.1038/nn.2886},
	Journal = {Nature Neuroscience},
	Number = {9},
	Pages = {1105-1107},
	Publisher = {Nature Publishing Group},
	Title = {Erroneous analyses of interactions in neuroscience: a problem of significance},
	Volume = {14},
	Year = {2011},
	Bdsk-Url-1 = {https://doi.org/10.1038/nn.2886}}

@article{open2015estimating,
	Author = {{Open Science Collaboration}},
	Doi = {10.1126/science.aac4716},
	Journal = {Science},
	Number = {6251},
	Pages = {aac4716},
	Publisher = {American Association for the Advancement of Science},
	Title = {Estimating the reproducibility of psychological science},
	Volume = {349},
	Year = {2015},
	Bdsk-Url-1 = {https://doi.org/10.1126/science.aac4716}}

@article{pegg1992preference,
	Author = {Pegg, Judith E and Werker, Janet F and McLeod, Peter J},
	Doi = {10.1016/0163-6383(92)80003-D},
	Journal = {Infant Behavior and Development},
	Number = {3},
	Pages = {325--345},
	Publisher = {Elsevier},
	Title = {Preference for infant-directed over adult-directed speech: Evidence from 7-week-old infants},
	Volume = {15},
	Year = {1992},
	Bdsk-Url-1 = {https://doi.org/10.1016/0163-6383(92)80003-D}}

@article{santesso2007frontal,
	Author = {Santesso, Diane L and Schmidt, Louis A and Trainor, Laurel J},
	Doi = {10.1016/j.bandc.2007.02.008},
	Journal = {Brain and cognition},
	Number = {1},
	Pages = {14--21},
	Publisher = {Elsevier},
	Title = {Frontal brain electrical activity (EEG) and heart rate in response to affective infant-directed (ID) speech in 9-month-old infants},
	Volume = {65},
	Year = {2007},
	Bdsk-Url-1 = {https://doi.org/10.1016/j.bandc.2007.02.008}}

@article{schachner2011infant,
	Author = {Schachner, Adena and Hannon, Erin E},
	Date-Modified = {2019-03-07 16:47:51 -0800},
	Doi = {10.1037/a0020740},
	Journal = {Developmental psychology},
	Number = {1},
	Pages = {19-25},
	Publisher = {American Psychological Association},
	Title = {Infant-directed speech drives social preferences in 5-month-old infants},
	Volume = {47},
	Year = {2011},
	Bdsk-Url-1 = {https://doi.org/10.1037/a0020740}}

@article{shute1987vocal,
	Author = {Shute, H Brenda},
	Doi = {10.1080/0144341870070303},
	Journal = {Educational Psychology},
	Number = {3},
	Pages = {187--205},
	Publisher = {Taylor \& Francis},
	Title = {Vocal pitch in motherese},
	Volume = {7},
	Year = {1987},
	Bdsk-Url-1 = {https://doi.org/10.1080/0144341870070303}}

@article{singh2002infants,
	Author = {Singh, Leher and Morgan, James L and Best, Catherine T},
	Doi = {10.1207/S15327078IN0303_5},
	Journal = {Infancy},
	Number = {3},
	Pages = {365--394},
	Publisher = {Wiley Online Library},
	Title = {Infants' listening preferences: Baby talk or happy talk?},
	Volume = {3},
	Year = {2002},
	Bdsk-Url-1 = {https://doi.org/10.1207/S15327078IN0303_5}}

@article{snow1977development,
	Author = {Snow, Catherine E},
	Doi = {10.1017/S0305000900000453},
	Journal = {Journal of Child Language},
	Number = {1},
	Pages = {1--22},
	Publisher = {Cambridge University Press},
	Title = {The development of conversation between mothers and babies},
	Volume = {4},
	Year = {1977},
	Bdsk-Url-1 = {https://doi.org/10.1017/S0305000900000453}}

@article{soderstrom2008acoustical,
	Author = {Soderstrom, Melanie and Blossom, Megan and Foygel, Rina and Morgan, James L},
	Doi = {10.1017/S0305000908008763},
	Journal = {Journal of Child Language},
	Number = {4},
	Pages = {869--902},
	Publisher = {Cambridge University Press},
	Title = {Acoustical cues and grammatical units in speech to two preverbal infants},
	Volume = {35},
	Year = {2008},
	Bdsk-Url-1 = {https://doi.org/10.1017/S0305000908008763}}

@article{thiessen2005infant,
	Author = {Thiessen, Erik D and Hill, Emily A and Saffran, Jenny R},
	Doi = {10.1207/s15327078in0701_5},
	Journal = {Infancy},
	Number = {1},
	Pages = {53--71},
	Publisher = {Taylor \& Francis},
	Title = {Infant-directed speech facilitates word segmentation},
	Volume = {7},
	Year = {2005},
	Bdsk-Url-1 = {https://doi.org/10.1207/s15327078in0701_5}}

@article{trainor2002pitch,
	Author = {Trainor, Laurel J and Desjardins, Ren{\'e}e N},
	Doi = {10.3758/BF03196290},
	Journal = {Psychonomic Bulletin \& Review},
	Number = {2},
	Pages = {335--340},
	Publisher = {Springer},
	Title = {Pitch characteristics of infant-directed speech affect infants' ability to discriminate vowels},
	Volume = {9},
	Year = {2002},
	Bdsk-Url-1 = {https://doi.org/10.3758/BF03196290}}

@article{viechtbauer2010conducting,
	Author = {Viechtbauer, Wolfgang},
	Doi = {10.18637/jss.v036.i03},
	Journal = {Journal of Statistical Software},
	Number = {3},
	Publisher = {UCLA Statistics},
	Title = {Conducting meta-analyses in R with the metafor package},
	Volume = {36},
	Year = {2010},
	Bdsk-Url-1 = {https://doi.org/10.18637/jss.v036.i03}}

@article{weisleder2013talking,
	Author = {Weisleder, Adriana and Fernald, Anne},
	Doi = {10.1177/0956797613488145},
	Journal = {Psychological science},
	Number = {11},
	Pages = {2143--2152},
	Publisher = {Sage Publications Sage CA: Los Angeles, CA},
	Title = {Talking to children matters: Early language experience strengthens processing and builds vocabulary},
	Volume = {24},
	Year = {2013},
	Bdsk-Url-1 = {https://doi.org/10.1177/0956797613488145}}

@article{werker1989infant,
	Author = {Werker, Janet F and McLeod, Peter J},
	Doi = {10.1037/h0084224},
	Journal = {Canadian Journal of Psychology/Revue canadienne de psychologie},
	Number = {2},
	Pages = {230},
	Publisher = {Canadian Psychological Association},
	Title = {Infant preference for both male and female infant-directed talk: A developmental study of attentional and affective responsiveness},
	Volume = {43},
	Year = {1989},
	Bdsk-Url-1 = {https://doi.org/10.1037/h0084224}}

@article{werker1994cross,
	Author = {Werker, Janet F and Pegg, Judith E and McLeod, Peter J},
	Doi = {10.1016/0163-6383(94)90012-4},
	Journal = {Infant Behavior and Development},
	Number = {3},
	Pages = {323--333},
	Publisher = {JAI},
	Title = {A cross-language investigation of infant preference for infant-directed communication},
	Volume = {17},
	Year = {1994},
	Bdsk-Url-1 = {https://doi.org/10.1016/0163-6383(94)90012-4}}

@article{zangl2007increased,
	Author = {Zangl, Renate and Mills, Debra L},
	Doi = {10.1207/s15327078in1101_2},
	Journal = {Infancy},
	Number = {1},
	Pages = {31--62},
	Publisher = {Wiley Online Library},
	Title = {Increased brain activity to infant-directed speech in 6-and 13-month-old infants},
	Volume = {11},
	Year = {2007},
	Bdsk-Url-1 = {https://doi.org/10.1207/s15327078in1101_2}}

@manual{R-kableExtra,
	Author = {Hao Zhu},
	Note = {R package version 0.9.0},
	Title = {kableExtra: Construct Complex Table with 'kable' and Pipe Syntax},
	Url = {https://CRAN.R-project.org/package=kableExtra},
	Year = {2018},
	Bdsk-Url-1 = {https://CRAN.R-project.org/package=kableExtra}}

@article{R-lmerTest,
	Author = {Alexandra Kuznetsova and Per B. Brockhoff and Rune H. B. Christensen},
	Doi = {10.18637/jss.v082.i13},
	Journal = {Journal of Statistical Software},
	Number = {13},
	Pages = {1--26},
	Title = {{lmerTest} Package: Tests in Linear Mixed Effects Models},
	Volume = {82},
	Year = {2017},
	Bdsk-Url-1 = {https://doi.org/10.18637/jss.v082.i13}}
@Manual{R-ggpubr,
  title = {ggpubr: 'ggplot2' Based Publication Ready Plots},
  author = {Alboukadel Kassambara},
  year = {2019},
  note = {R package version 0.2.2},
  url = {https://CRAN.R-project.org/package=ggpubr},
}
@Manual{R-magrittr,
  title = {magrittr: A Forward-Pipe Operator for R},
  author = {Stefan Milton Bache and Hadley Wickham},
  year = {2014},
  note = {R package version 1.5},
  url = {https://CRAN.R-project.org/package=magrittr},
}
@Article{R-lubridate,
  title = {Dates and Times Made Easy with {lubridate}},
  author = {Garrett Grolemund and Hadley Wickham},
  journal = {Journal of Statistical Software},
  year = {2011},
  volume = {40},
  number = {3},
  pages = {1--25},
  url = {https://www.jstatsoft.org/v40/i03/},
}
@Manual{R-tinylabels,
  title = {{tinylabels}: Lightweight Variable Labels},
  author = {Marius Barth},
  year = {2023},
  note = {R package version 0.2.4},
  url = {https://cran.r-project.org/package=tinylabels},
}
