@article{baumgartner2023build,
  title={How to build up big team science: A practical guide for large-scale collaborations},
  author={Baumgartner, Heidi A and Alessandroni, Nicol{\'a}s and Byers-Heinlein, Krista and Frank, Michael C and Hamlin, J Kiley and Soderstrom, Melanie and Voelkel, Jan G and Willer, Robb and Yuen, Francis and Coles, Nicholas A},
  journal={Royal Society Open Science},
  volume={10},
  number={6},
  pages={230235},
  year={2023},
  publisher={The Royal Society}
}
@article{coles2022build,
  title={Build up big-team science},
  author={Coles, Nicholas A and Hamlin, J Kiley and Sullivan, Lauren L and Parker, Timothy H and Altschul, Drew},
  journal={Nature},
  volume={601},
  number={7894},
  pages={505--507},
  year={2022},
  publisher={Nature Publishing Group UK London}
}

@article{soderstrom2024testing,
  title={Testing the relationship between preferences for infant-directed speech and vocabulary development: A multi-lab study},
  author={Soderstrom, Melanie and Rocha-Hidalgo, Joscelin and Mu{\~n}oz, Luis E and Bochynska, Agata and Werker, Janet F and Skarabela, Barbora and Seidl, Amanda and Ryjova, Yana and Rennels, Jennifer L and Potter, Christine E and others},
  journal={Journal of child language},
  pages={1--26},
  year={2024},
  publisher={Cambridge University Press}
}

@article{pyykko2019early,
  title={Early development of visual attention in infants in rural Malawi},
  author={Pyykk{\"o}, Juha and Forssman, Linda and Maleta, Kenneth and Ashorn, Per and Ashorn, Ulla and Lepp{\"a}nen, Jukka M},
  journal={Developmental Science},
  volume={22},
  number={5},
  pages={e12761},
  year={2019},
  publisher={Wiley Online Library}
}

@article{barr2013a,
  author = {Barr, Dale J. and Levy, Roger and Scheepers, Christoph and Tily, Harry J.},
  year = {2013},
  title = {Random effects structure for confirmatory hypothesis testing: Keep it maximal},
  journal = {Journal of Memory and Language},
  volume = {68},
  number = {3},
  pages = {255--278},
  doi = {10.1016/j.jml.2012.11.001}
}

@article{barr2013b,
  author = {Barr, Dale J. and Levy, Roger and Scheepers, Christoph and Tily, Harry J.},
  year = {2013},
  title = {Random effects structure for confirmatory hypothesis testing: Keep it maximal},
  journal = {Journal of Memory and Language},
  volume = {68},
  number = {3},
  pages = {255--278},
  doi = {10.1016/j.jml.2012.11.001}
}

@article{bates2015,
  author = {Bates, Douglas and M{\"a}chler, Martin and Bolker, Ben and Walker, Steven},
  year = {2015},
  title = {Fitting Linear Mixed-Effects Models Using lme4},
  journal = {Journal of Statistical Software},
  volume = {67},
  number = {1},
  doi = {10.18637/jss.v067.i01}
}

@article{bergmann2018,
  author = {Bergmann, Christina and Tsuji, Sho and Piccinini, Page E. and Lewis, Molly L. and Braginsky, Mika and Frank, Michael C. and Cristia, Alejandrina},
  year = {2018},
  title = {Promoting Replicability in Developmental Research Through Meta-analyses: Insights From Language Acquisition Research},
  journal = {Child Development},
  volume = {89},
  number = {6},
  pages = {1996--2009},
  doi = {10.1111/cdev.13079}
}

@article{bornstein2012,
  author = {Bornstein, Marc H. and Putnick, Diane L.},
  year = {2012},
  title = {Cognitive and Socioemotional Caregiving in Developing Countries: Caregiving in Developing Countries},
  journal = {Child Development},
  volume = {83},
  number = {1},
  pages = {46--61},
  doi = {10.1111/j.1467-8624.2011.01673.x}
}

@article{broesch2015a,
  author = {Broesch, Tanya L. and Bryant, Gregory A.},
  year = {2015},
  title = {Prosody in Infant-Directed Speech Is Similar Across Western and Traditional Cultures},
  journal = {Journal of Cognition and Development},
  volume = {16},
  number = {1},
  pages = {31--43},
  doi = {10.1080/15248372.2013.833923}
}

@article{broesch2015b,
  author = {Broesch, Tanya L. and Bryant, Gregory A.},
  year = {2015},
  title = {Prosody in Infant-Directed Speech Is Similar Across Western and Traditional Cultures},
  journal = {Journal of Cognition and Development},
  volume = {16},
  number = {1},
  pages = {31--43},
  doi = {10.1080/15248372.2013.833923}
}

@article{byersheinlein2019,
  author = {Byers-Heinlein, Krista and Schott, Erika and Gonzalez-Barrero, Ana M. and Brouillard, Myl{\`e}ne and Dub{\'e}, Delphine and Jardak, Amina and Laoun-Rubenstein, Amira and Mastroberardino, Maddalena and Morin-Lessard, Elise and Pour Iliaei, Sahar and Salama-Siroishka, Nour and Tamayo, Maria P.},
  year = {2019},
  title = {MAPLE: A Multilingual Approach to Parent Language Estimates},
  journal = {Bilingualism: Language and Cognition},
  pages = {1--7},
  doi = {10.1017/S1366728919000282}
}

@misc{byersheinleinUnderReview,
  author = {Byers-Heinlein, Krista and Tsui, Anna and Bergmann, Christina and Black, Alexandra K. and Brown, Amanda and Carbajal, Monica J. and Durrant, Sarah and Fennell, Christopher and Fievet, Anne-Catherine and Frank, Michael C. and Gampe, Anja and Gervain, Judit and Gonzalez-Gomez, Nayeli and Hamlin, Kiley and Havron, Naomi and Hernik, Mikolaj and Kerr, Sarah and Killam, Heather and Klassen, Katharina and Wermelinger, Stephanie and many others},
  year = {under review},
  title = {A multi-lab study of bilingual infants: Exploring the preference for infant-directed speech},
  howpublished = {PsyArXiv preprint},
  doi = {10.31234/osf.io/sqh9d}
}

@article{casillas2021,
  author = {Casillas, Marisa and Brown, Penelope and Levinson, Stephen C.},
  year = {2021},
  title = {Early language experience in a Papuan community},
  journal = {Journal of Child Language},
  volume = {48},
  number = {4},
  pages = {792--814},
  doi = {10.1017/S0305000920000549}
}

@article{casillas2020,
  author = {Casillas, Marisa and Brown, Penelope and Levinson, Stephen C.},
  year = {2020},
  title = {Early language experience in a Tseltal Mayan village},
  journal = {Child Development},
  volume = {91},
  number = {5},
  pages = {1819--1835},
  doi = {10.1111/cdev.13349}
}

@article{cooper1997,
  author = {Cooper, Robert P. and Abraham, Jennifer and Berman, Susan and Staska, Mary},
  year = {1997},
  title = {The development of infants’ preference for motherese},
  journal = {Infant Behavior and Development},
  volume = {20},
  number = {4},
  pages = {477--488},
  doi = {10.1016/S0163-6383(97)90037-0}
}

@article{cooper1990,
  author = {Cooper, Robert P. and Aslin, Richard N.},
  year = {1990},
  title = {Preference for Infant-Directed Speech in the First Month after Birth},
  journal = {Child Development},
  volume = {61},
  number = {5},
  pages = {1584--1595},
  doi = {10.2307/1130766}
}

@article{cooper1994,
  author = {Cooper, Robert P. and Aslin, Richard N.},
  year = {1994},
  title = {Developmental Differences in Infant Attention to the Spectral Properties of Infant-Directed Speech},
  journal = {Child Development},
  volume = {65},
  number = {6},
  pages = {1663--1677},
  doi = {10.2307/1131286}
}

@article{csibra2016,
  author = {Csibra, Gergely and Hernik, Mikolaj and Mascaro, Olivier and Tatone, Davide and Lengyel, M{\'a}rton},
  year = {2016},
  title = {Statistical treatment of looking-time data},
  journal = {Developmental Psychology},
  volume = {52},
  number = {4},
  pages = {521--536},
  doi = {10.1037/dev0000083}
}

@misc{dunstND,
  author = {Dunst, Carl and Gorman, Emily and Hamby, Deborah},
  title = {Preference for infant-directed speech in preverbal young children},
  howpublished = {Center for Early Literacy Learning, 5(1), 1--13},
  note = {Retrieved from http://www.earlyliteracylearning.org/cellreviews/cellreviews_v5_n1.pdf}
}

@article{fernald1985,
  author = {Fernald, Anne},
  year = {1985},
  title = {Four-month-old infants prefer to listen to motherese},
  journal = {Infant Behavior and Development},
  volume = {8},
  number = {2},
  pages = {181--195},
  doi = {10.1016/S0163-6383(85)80005-9}
}

@article{fernald1989,
  author = {Fernald, Anne and Taeschner, Traute and Dunn, Judy and Papousek, Mechthild and de Boysson-Bardies, B{\'e}n{\'e}dicte and Fukui, Ikuo},
  year = {1989},
  title = {A cross-language study of prosodic modifications in mothers’ and fathers’ speech to preverbal infants},
  journal = {Journal of Child Language},
  volume = {16},
  number = {3},
  pages = {477--501},
  doi = {10.1017/S0305000900010679}
}

@article{frank2017,
  author = {Frank, Michael C. and Bergelson, Elika and Bergmann, Christina and Cristia, Alejandrina and Floccia, Caroline and Gervain, Judit and Hamlin, J. Kiley and Hannon, Erin E. and Kline, Melissa and Levelt, Claartje and Lew-Williams, Casey and Nazzi, Thierry and Panneton, Robin and Rabagliati, Hugh and Soderstrom, Melanie and Sullivan, Jessica and Waxman, Sandra and Yurovsky, Daniel},
  year = {2017},
  title = {A Collaborative Approach to Infant Research: Promoting Reproducibility, Best Practices, and Theory-Building},
  journal = {Infancy},
  volume = {22},
  number = {4},
  pages = {421--435},
  doi = {10.1111/infa.12182}
}

@article{grafestes2013,
  author = {Graf Estes, Katharine and Hurley, Katherine},
  year = {2013},
  title = {Infant-Directed Prosody Helps Infants Map Sounds to Meanings},
  journal = {Infancy},
  volume = {18},
  number = {5},
  pages = {797--824},
  doi = {10.1111/infa.12006}
}

@article{green2016,
  author = {Green, Peter and MacLeod, C. J.},
  year = {2016},
  title = {SIMR: an R package for power analysis of generalized linear mixed models by simulation},
  journal = {Methods in Ecology and Evolution},
  volume = {7},
  number = {4},
  pages = {493--498},
  doi = {10.1111/2041-210X.12504}
}

@article{greenfield2009,
  author = {Greenfield, Patricia M.},
  year = {2009},
  title = {Linking social change and developmental change: Shifting pathways of human development},
  journal = {Developmental Psychology},
  volume = {45},
  number = {2},
  pages = {401--418},
  doi = {10.1037/a0014726}
}

@book{hart1995,
  author = {Hart, Betty and Risley, Todd R.},
  year = {1995},
  title = {Meaningful differences in the everyday experience of young American children},
  publisher = {P.H. Brookes}
}

@article{hayashi2001,
  author = {Hayashi, Akiko and Tamekawa, Yuko and Kiritani, Shigeru},
  year = {2001},
  title = {Developmental Change in Auditory Preferences for Speech Stimuli in Japanese Infants},
  journal = {Journal of Speech, Language, and Hearing Research},
  volume = {44},
  number = {6},
  pages = {1189--1200},
  doi = {10.1044/1092-4388(2001/092)}
}

@book{heath1983,
  author = {Heath, Shirley Brice},
  year = {1983},
  title = {Ways with words: Language, life, and work in communities and classrooms},
  publisher = {Cambridge University Press}
}

@article{hoff2006,
  author = {Hoff, Erika},
  year = {2006},
  title = {How social contexts support and shape language development},
  journal = {Developmental Review},
  volume = {26},
  number = {1},
  pages = {55--88},
  doi = {10.1016/j.dr.2005.11.002}
}

@article{keller2012,
  author = {Keller, Heidi},
  year = {2012},
  title = {Autonomy and Relatedness Revisited: Cultural Manifestations of Universal Human Needs},
  journal = {Child Development Perspectives},
  volume = {6},
  number = {1},
  pages = {12--18},
  doi = {10.1111/j.1750-8606.2011.00208.x}
}

@article{kirk1976,
  author = {Kirk, Leslie},
  year = {1976},
  title = {Cross-cultural measurement of maternal behavior in mother-child teaching interaction},
  journal = {Quality and Quantity},
  volume = {10},
  number = {2},
  pages = {127--143},
  doi = {10.1007/BF00144164}
}

@article{kitamura2009,
  author = {Kitamura, Christine and Lam, Christa},
  year = {2009},
  title = {Age-Specific Preferences for Infant-Directed Affective Intent},
  journal = {Infancy},
  volume = {14},
  number = {1},
  pages = {77--100},
  doi = {10.1080/15250000802569777}
}

@article{kuznetsova2017,
  author = {Kuznetsova, Alexandra and Brockhoff, Per B. and Christensen, Rune H. B.},
  year = {2017},
  title = {lmerTest Package: Tests in Linear Mixed Effects Models},
  journal = {Journal of Statistical Software},
  volume = {82},
  number = {13},
  doi = {10.18637/jss.v082.i13}
}

@book{levine1994,
  editor = {LeVine, Robert A.},
  year = {1994},
  title = {Child care and culture: Lessons from Africa},
  edition = {Reprinted},
  publisher = {Cambridge University Press}
}

@book{levine2016,
  author = {LeVine, Robert A. and LeVine, Sarah},
  year = {2016},
  title = {Do parents matter? Why Japanese babies sleep well, Mexican siblings don’t fight, and American parents should just relax},
  edition = {First},
  publisher = {PublicAffairs}
}

@misc{mathur2017,
  author = {Mathur, Maya B. and VanderWeele, Tyler},
  year = {2017},
  title = {New statistical metrics for multisite replication projects},
  howpublished = {Open Science Framework preprint},
  doi = {10.31219/osf.io/w89s5}
}

@article{mathur2019,
  author = {Mathur, Maya B. and VanderWeele, Tyler J.},
  year = {2019},
  title = {New metrics for meta-analyses of heterogeneous effects},
  journal = {Statistics in Medicine},
  volume = {38},
  number = {8},
  pages = {1336--1342},
  doi = {10.1002/sim.8057}
}

@article{mathur2020,
  author = {Mathur, Maya B. and VanderWeele, Tyler J.},
  year = {2020},
  title = {Robust Metrics and Sensitivity Analyses for Meta-analyses of Heterogeneous Effects},
  journal = {Epidemiology},
  volume = {31},
  number = {3},
  pages = {356--358},
  doi = {10.1097/EDE.0000000000001180}
}

@article{newman2006,
  author = {Newman, Rochelle S. and Hussain, Imran},
  year = {2006},
  title = {Changes in Preference for Infant-Directed Speech in Low and Moderate Noise by 4.5- to 13-Month-Olds},
  journal = {Infancy},
  volume = {10},
  number = {1},
  pages = {61--76},
  doi = {10.1207/s15327078in1001_4}
}

@article{nielsen2017,
  author = {Nielsen, Mark and Haun, Daniel and K{\"a}rtner, Joscha and Legare, Cristine H.},
  year = {2017},
  title = {The persistent sampling bias in developmental psychology: A call to action},
  journal = {Journal of Experimental Child Psychology},
  volume = {162},
  pages = {31--38},
  doi = {10.1016/j.jecp.2017.04.017}
}

@article{openscience2015,
  author = {{Open Science Collaboration}},
  year = {2015},
  title = {Estimating the reproducibility of psychological science},
  journal = {Science},
  volume = {349},
  number = {6251},
  pages = {aac4716},
  doi = {10.1126/science.aac4716}
}

@article{pegg1992,
  author = {Pegg, Jude E. and Werker, Janet F. and McLeod, Peter J.},
  year = {1992},
  title = {Preference for infant-directed over adult-directed speech: Evidence from 7-week-old infants},
  journal = {Infant Behavior and Development},
  volume = {15},
  number = {3},
  pages = {325--345},
  doi = {10.1016/0163-6383(92)80003-D}
}

@article{posel2016,
  author = {Posel, Dorrit and Zeller, Jochen},
  year = {2016},
  title = {Language shift or increased bilingualism in South Africa: Evidence from census data},
  journal = {Journal of Multilingual and Multicultural Development},
  volume = {37},
  number = {4},
  pages = {357--370},
  doi = {10.1080/01434632.2015.1072206}
}

@article{rabainjamin2001,
  author = {Rabain-Jamin, Jacqueline},
  year = {2001},
  title = {Language use in mother-child and young sibling interactions in Senegal},
  journal = {First Language},
  volume = {21},
  number = {63},
  pages = {357--385},
  doi = {10.1177/014272370102106307}
}

@article{ramirez2014,
  author = {Ram{\'i}rez-Esparza, Nairan and Garc{\'i}a-Sierra, Adri{\'a}n and Kuhl, Patricia K.},
  year = {2014},
  title = {Look who’s talking: Speech style and social context in language input to infants are linked to concurrent and future speech development},
  journal = {Developmental Science},
  volume = {17},
  number = {6},
  pages = {880--891},
  doi = {10.1111/desc.12172}
}

@article{rogoff2003,
  author = {Rogoff, Barbara and Paradise, Ruth and Arauz, Rosa M. and Correa-Ch{\'a}vez, Maricela and Angelillo, Cathy},
  year = {2003},
  title = {Firsthand Learning Through Intent Participation},
  journal = {Annual Review of Psychology},
  volume = {54},
  number = {1},
  pages = {175--203},
  doi = {10.1146/annurev.psych.54.101601.145118}
}

@incollection{rosenhouse2006,
  author = {Rosenhouse, Judith and Goral, Mira},
  year = {2006},
  title = {Bilingualism in the Middle East and North Africa: A Focus on the Arabic-Speaking World},
  booktitle = {The Handbook of Bilingualism},
  editor = {Bhatia, Tej K. and Ritchie, William C.},
  pages = {835--868},
  publisher = {Blackwell Publishing Ltd.},
  doi = {10.1002/9780470756997.ch31}
}
@article{rosenhouse1992,
  author = {Rosenhouse, Judith},
  year = {1992},
  title = {The Bedouin population of Israel: Demographic, social and economic factors},
  journal = {Nomadic Peoples},
  volume = {31},
  pages = {29--50},
  url = {https://www.jstor.org/stable/43123661}
}

@article{rosenhouse1998,
  author = {Rosenhouse, Judith},
  year = {1998},
  title = {The Arabic dialect of the Bedouin of the North of Israel: From phonology to sociolinguistics},
  journal = {Mediterranean Language Review},
  volume = {10},
  pages = {67--102}
}

@incollection{rosenhouse2007,
  author = {Rosenhouse, Judith},
  year = {2007},
  title = {Acquisition of Hebrew in the Arab population of Israel},
  booktitle = {Language Acquisition Across Linguistic and Cognitive Systems},
  editor = {Angelika Redder and Christiane Redder},
  pages = {213--230},
  publisher = {John Benjamins},
  doi = {10.1075/lllt.16.14ros}
}

@article{sanchez2019,
  author = {Sanchez, Luisa and Weisleder, Adriana and de Anda, Stephanie and Leech, Katherine and Cristia, Alejandrina and Ferjan Ramirez, Naja and Schick, Adriel and Hurtado, Nereyda and Marchman, Virginia A. and Fernald, Anne},
  year = {2019},
  title = {A standardized approach to automatic classification of infant-directed speech across languages},
  journal = {Infancy},
  volume = {24},
  number = {4},
  pages = {537--571},
  doi = {10.1111/infa.12283}
}

@article{schneidman2012,
  author = {Schneidman, Laura A. and Goldin-Meadow, Susan},
  year = {2012},
  title = {Language input and acquisition in a Mayan village: How important is directed speech?},
  journal = {Developmental Science},
  volume = {15},
  number = {5},
  pages = {659--673},
  doi = {10.1111/j.1467-7687.2012.01168.x}
}

@article{schneidman2014,
  author = {Schneidman, Laura A. and Onishi, Kristine H. and Goldin-Meadow, Susan},
  year = {2014},
  title = {Language input and acquisition in infancy: The role of directed speech and overheard speech},
  journal = {Cognitive Science},
  volume = {38},
  number = {5},
  pages = {905--917},
  doi = {10.1111/cogs.12103}
}

@article{sebastiangalles2012,
  author = {Sebastián-Gallés, Núria and Albareda-Castellot, Blanca and Weikum, Whitney M. and Werker, Janet F.},
  year = {2012},
  title = {A bilingual advantage in visual language discrimination in infancy},
  journal = {Psychological Science},
  volume = {23},
  number = {9},
  pages = {994--999},
  doi = {10.1177/0956797612436817}
}

@article{seidl2005,
  author = {Seidl, Amanda and Cristia, Alejandrina and Bernard, Anne and Onishi, Kristine H.},
  year = {2005},
  title = {Infants’ recognition of function words in continuous speech},
  journal = {Cognition},
  volume = {95},
  number = {1},
  pages = {B15--B26},
  doi = {10.1016/j.cognition.2004.07.006}
}

@article{seidl2014,
  author = {Seidl, Amanda and Tincoff, Ruth and Baker, Christina and Cristia, Alejandrina},
  year = {2014},
  title = {Why the body comes first: Effects of experimenter touch on infants’ word finding},
  journal = {Developmental Science},
  volume = {17},
  number = {6},
  pages = {887--904},
  doi = {10.1111/desc.12180}
}

@article{shneidman2013,
  author = {Shneidman, Laura and Arroyo, M. and Levine, Susan C. and Goldin-Meadow, Susan},
  year = {2013},
  title = {What counts as effective input for word learning?},
  journal = {Developmental Science},
  volume = {16},
  number = {6},
  pages = {993--1009},
  doi = {10.1111/desc.12055}
}

@article{singh2002,
  author = {Singh, Leher and Morgan, James L. and Best, Catherine T.},
  year = {2002},
  title = {Infants’ listening preferences: Baby talk or happy talk?},
  journal = {Infancy},
  volume = {3},
  number = {3},
  pages = {365--394},
  doi = {10.1207/S15327078IN0303_5}
}

@article{singh2009,
  author = {Singh, Leher and Morgan, James L. and White, Katherine S.},
  year = {2009},
  title = {Preference and processing: The role of speech affect in early spoken word recognition},
  journal = {Journal of Memory and Language},
  volume = {61},
  number = {2},
  pages = {151--168},
  doi = {10.1016/j.jml.2009.04.004}
}

@article{smith2018,
  author = {Smith, Kristina R. and Ellis-Davies, Katherine and Donnelly, Rachel and Thomas, Michael S. C. and Ronald, Angelica and Scerif, Gaia},
  year = {2018},
  title = {A longitudinal twin study of the association between speech input and expressive vocabulary development in the first 2 years of life},
  journal = {Journal of Child Language},
  volume = {45},
  number = {1},
  pages = {198--210},
  doi = {10.1017/S0305000917000156}
}

@article{snow1972,
  author = {Snow, Catherine E.},
  year = {1972},
  title = {Mothers’ speech to children learning language},
  journal = {Child Development},
  volume = {43},
  number = {2},
  pages = {549--565},
  doi = {10.2307/1127555}
}

@article{stivers2008,
  author = {Stivers, Tanya and Enfield, N. J. and Brown, Penelope and Englert, Christina and Hayashi, Makoto and Heinemann, Trine and Hoymann, Gertie and Rossano, Federico and de Ruiter, Jan P. and Yoon, Kyung-Eun and Levinson, Stephen C.},
  year = {2009},
  title = {Universals and cultural variation in turn-taking in conversation},
  journal = {Proceedings of the National Academy of Sciences},
  volume = {106},
  number = {26},
  pages = {10587--10592},
  doi = {10.1073/pnas.0903616106}
}

@article{swingley2009,
  author = {Swingley, Daniel},
  year = {2009},
  title = {Contributions of infant word learning to language development},
  journal = {Philosophical Transactions of the Royal Society B: Biological Sciences},
  volume = {364},
  number = {1536},
  pages = {3617--3632},
  doi = {10.1098/rstb.2009.0107}
}

@article{swingley2017,
  author = {Swingley, Daniel and Humphrey, Claartje},
  year = {2017},
  title = {Quantitative linguistic predictors of infants’ learning of specific English words},
  journal = {Child Development},
  volume = {89},
  number = {4},
  pages = {1247--1267},
  doi = {10.1111/cdev.12731}
}

@article{thomas2014,
  author = {Thomas, Michael S. C. and Forrester, Gillian and Ronald, Angelica},
  year = {2014},
  title = {Modeling socio-economic status effects on language development},
  journal = {Developmental Psychology},
  volume = {49},
  number = {12},
  pages = {2325--2343},
  doi = {10.1037/a0032301}
}

@article{tincoff1999,
  author = {Tincoff, Ruth and Jusczyk, Peter W.},
  year = {1999},
  title = {Some beginnings of word comprehension in 6-month-olds},
  journal = {Psychological Science},
  volume = {10},
  number = {2},
  pages = {172--175},
  doi = {10.1111/1467-9280.00127}
}

@article{tincoff2012,
  author = {Tincoff, Ruth and Jusczyk, Peter W.},
  year = {2012},
  title = {Six-month-olds comprehend words that refer to parts of the body},
  journal = {Infancy},
  volume = {17},
  number = {4},
  pages = {432--444},
  doi = {10.1111/j.1532-7078.2011.00084.x}
}

@article{tomasello2003,
  author = {Tomasello, Michael},
  year = {2003},
  title = {Constructing a Language: A Usage-Based Theory of Language Acquisition},
  publisher = {Harvard University Press}
}

@article{vaish2010,
  author = {Vaish, Amrisha and Demir, Ozlem Ece and Baldwin, Dare A.},
  year = {2010},
  title = {Thirteen- and 18-month-old infants recognize when they need referential information},
  journal = {Developmental Psychology},
  volume = {47},
  number = {4},
  pages = {953--960},
  doi = {10.1037/a0021906}
}

@article{vennemann1995,
  author = {Vennemann, Theo},
  year = {1995},
  title = {The emergence of dynamic phonology in the development of language},
  journal = {Linguistics},
  volume = {33},
  number = {4},
  pages = {703--761},
  doi = {10.1515/ling.1995.33.4.703}
}

@article{werker2004,
  author = {Werker, Janet F. and Fennell, Christopher T. and Corcoran, Kathleen M. and Stager, Christine L.},
  year = {2002},
  title = {Infants’ ability to learn phonetically similar words: Effects of age and vocabulary size},
  journal = {Infancy},
  volume = {3},
  number = {1},
  pages = {1--30},
  doi = {10.1207/S15327078IN0301_1}
}

@article{werker2007,
  author = {Werker, Janet F. and Yeung, Henry H.},
  year = {2007},
  title = {Infant speech perception bootstraps word learning},
  journal = {Trends in Cognitive Sciences},
  volume = {11},
  number = {11},
  pages = {519--527},
  doi = {10.1016/j.tics.2007.10.003}
}

@article{werker2012,
  author = {Werker, Janet F. and Hensch, Takao K.},
  year = {2012},
  title = {Critical periods in speech perception: New directions},
  journal = {Annual Review of Psychology},
  volume = {66},
  pages = {173--196},
  doi = {10.1146/annurev-psych-010814-015104}
}

@article{whitehurst1994,
  author = {Whitehurst, Grover J. and Falco, Frances J. E. and Lonigan, Christopher J. and Fischel, Janet E. and DeBaryshe, Barbara D. and Valdez-Menchaca, Martha C. and Caulfield, Molly},
  year = {1994},
  title = {Accelerating language development through picture book reading},
  journal = {Developmental Psychology},
  volume = {24},
  number = {4},
  pages = {552--559},
  doi = {10.1037/0012-1649.24.4.552}
}

@article{xu2007,
  author = {Xu, Fei and Cote, Mireille and Baker, Christina},
  year = {2005},
  title = {Labeling guides object individuation in 12-month-old infants},
  journal = {Psychological Science},
  volume = {16},
  number = {5},
  pages = {372--377},
  doi = {10.1111/j.0956-7976.2005.01543.x}
}

@article{yurovsky2012,
  author = {Yurovsky, Daniel and Smith, Linda B. and Yu, Chen},
  year = {2012},
  title = {Statistical speech segmentation and word learning in parallel: Scaffolding from child-directed speech},
  journal = {Frontiers in Psychology},
  volume = {3},
  pages = {374},
  doi = {10.3389/fpsyg.2012.00374}
}

@article{zukow1996,
  author = {Zukow-Goldring, Patricia},
  year = {1996},
  title = {A social ecological realist approach to the emergence of language: First words and the importance of context},
  journal = {Ecological Psychology},
  volume = {8},
  number = {4},
  pages = {305--341},
  doi = {10.1207/s15326969eco0804_2}
}

